<record><leader>00000cas a2200000Ka 4500</leader><controlfield tag="001">44424154</controlfield><controlfield tag="008">000616d18971uuuncuwr n       0    0eng d</controlfield><controlfield tag="009">477</controlfield><datafield ind1=" " ind2=" " tag="010"><subfield code="a">sn 99061558 </subfield></datafield><datafield ind1=" " ind2=" " tag="040"><subfield code="a">NCS</subfield><subfield code="c">NCS</subfield><subfield code="d">OCLCQ</subfield></datafield><datafield ind1=" " ind2=" " tag="043"><subfield code="a">n-us-nc</subfield></datafield><datafield ind1="0" ind2="4" tag="245"><subfield code="a">The Sylva sentinel.</subfield></datafield><datafield ind1=" " ind2=" " tag="260"><subfield code="a">Sylva, N.C. :</subfield><subfield code="b">Sylva Sentinel</subfield></datafield><datafield ind1=" " ind2=" " tag="300"><subfield code="a">v.</subfield></datafield><datafield ind1=" " ind2=" " tag="310"><subfield code="a">Weekly</subfield></datafield><datafield ind1="0" ind2=" " tag="362"><subfield code="a">Vol. 1, no. 1 (Mar. 26, 1897)-</subfield></datafield><datafield ind1=" " ind2="0" tag="651"><subfield code="a">Sylva (N.C.)</subfield><subfield code="v">Newspapers.</subfield></datafield><datafield ind1=" " ind2=" " tag="752"><subfield code="a">United States</subfield><subfield code="b">North Carolina</subfield><subfield code="c">Jackson</subfield><subfield code="d">Sylva.</subfield></datafield></record>